<?xml version="1.0" encoding="UTF-8"?><collection xmlns="http://www.loc.gov/MARC21/slim"><record><leader>00603nam--2200181-i-4500</leader><controlfield tag="001">000026203</controlfield><controlfield tag="002">20161230</controlfield><controlfield tag="005">20161230201036</controlfield><controlfield tag="008">060222s1000------------r-----000-0-eng-d</controlfield><datafield ind1=" " ind2=" " tag="040"><subfield code="a">IFIN-HH</subfield></datafield><datafield ind1=" " ind2=" " tag="080"><subfield code="a">539.2:669.017</subfield></datafield><datafield ind1="1" ind2=" " tag="100"><subfield code="a">Pearson, W.B</subfield></datafield><datafield ind1="1" ind2="0" tag="245"><subfield code="a">A handbook of lattice spacings and structures of metals and alloys</subfield><subfield code="b">Metal physics and physical metallurgy vol. 4</subfield><subfield code="c">W.b. pearson</subfield></datafield><datafield ind1=" " ind2=" " tag="260"><subfield code="a">Oxford</subfield><subfield code="b">Pergamon Press</subfield><subfield code="c">1958</subfield></datafield><datafield ind1=" " ind2=" " tag="300"><subfield code="a">X+1044P</subfield></datafield><datafield ind1=" " ind2=" " tag="490"><subfield code="a">International Series Of Monographs On Metal Physics And Physical Metallurgy</subfield></datafield><datafield ind1=" " ind2=" " tag="852"><subfield code="a">11749</subfield><subfield code="c">539.2</subfield></datafield><datafield ind1=" " ind2=" " tag="CAT"><subfield code="a">Sys</subfield><subfield code="c">20121002</subfield><subfield code="h">174014</subfield></datafield></record></collection>